<?xml version="1.0" encoding="UTF-8"?><collection xmlns="http://www.loc.gov/MARC21/slim"><record><leader>00524nam--2200181-i-4500</leader><controlfield tag="001">000009838</controlfield><controlfield tag="002">20161230</controlfield><controlfield tag="005">20161230201028</controlfield><controlfield tag="008">060222s1000------------r-----000-0-eng-d</controlfield><datafield ind1=" " ind2=" " tag="040"><subfield code="a">IFIN-HH</subfield></datafield><datafield ind1=" " ind2=" " tag="080"><subfield code="a">539.171:539.12</subfield></datafield><datafield ind1="1" ind2=" " tag="100"><subfield code="a">Choudhary, A.R</subfield></datafield><datafield ind1="1" ind2="0" tag="245"><subfield code="a">Analyticity of partial wave scattering amplitudes and conformal mapping methods</subfield><subfield code="c">A.r. choudhary, r.b. jones</subfield></datafield><datafield ind1=" " ind2=" " tag="260"><subfield code="a">London</subfield><subfield code="b">Queen Mary College</subfield><subfield code="c">1971</subfield></datafield><datafield ind1=" " ind2=" " tag="300"><subfield code="a">46 P</subfield></datafield><datafield ind1="1" ind2=" " tag="700"><subfield code="a">Jones, R.B</subfield></datafield><datafield ind1=" " ind2=" " tag="852"><subfield code="a">35606</subfield><subfield code="c">539.17</subfield></datafield><datafield ind1=" " ind2=" " tag="CAT"><subfield code="a">Sys</subfield><subfield code="c">20120607</subfield><subfield code="h">151850</subfield></datafield></record></collection>